@article{expsim_dif,
  title={High-efficiency microstructured semiconductor neutron detectors for direct $^3$He replacement},
  author={Fronk, RG and Bellinger, SL and Henson, LC and Huddleston, DE and Ochs, TR and Sobering, TJ and McGregor, DS},
  journal={Nuclear Instruments and Methods in Physics Research A},
  volume={779},
  pages={25--32},
  year={2015},
  publisher={Elsevier}
}